<record xmlns="http://www.loc.gov/MARC21/slim" xmlns:xsi="http://www.w3.org/2001/XMLSchema-instance" xsi:schemaLocation="http://www.loc.gov/MARC21/slim http://www.loc.gov/standards/marcxml/schema/MARC21slim.xsd"><leader>     nam a22        4500</leader><controlfield tag="001">001680152</controlfield><controlfield tag="003">NNU</controlfield><controlfield tag="006">m        d        </controlfield><controlfield tag="007">cr cn |||m|||a</controlfield><controlfield tag="008">150313s1889    le      o     000 0 ara d</controlfield><datafield ind1=" " ind2=" " tag="040"><subfield code="a">NNU</subfield><subfield code="b">eng</subfield><subfield code="c">NNU</subfield></datafield><datafield ind1="1" ind2=" " tag="100"><subfield code="a">Arraj&#257;n&#299;, A&#7717;mad ibn Mu&#7717;ammad,</subfield><subfield code="d">1067 or 8-1149 or 50.</subfield></datafield><datafield ind1="1" ind2="0" tag="245"><subfield code="a">D&#299;w&#257;n / N&#257;&#7779;i&#7717; al-D&#299;n Ab&#299; Bikr A&#7717;mad ibn al-&#7716;usayn al-Arraj&#257;n&#299;; sa&#7717;&#7717;a&#7717;uhu wa-fassara al-Ghar&#299;b min alf&#257;&#7827;uhu A&#7717;mad ibn &#699;Abb&#257;s al-Azhar&#299;</subfield><subfield code="h">[electronic resource].</subfield></datafield><datafield ind1=" " ind2=" " tag="260"><subfield code="a">Bayr&#363;t,</subfield><subfield code="b">Ma&#7789;ba&#699;at Jar&#299;dat Bayr&#363;t,</subfield><subfield code="c">[1889]</subfield></datafield><datafield ind1=" " ind2=" " tag="300"><subfield code="a">online resource (453 p.)</subfield></datafield><datafield ind1=" " ind2=" " tag="500"><subfield code="a">Part of the Arabic Collections Online (ACO) project, contributed by New York Univeristy Libraries.</subfield></datafield><datafield ind1=" " ind2=" " tag="533"><subfield code="a">Electronic reproduction.</subfield><subfield code="b">New York, N.Y. :</subfield><subfield code="c">New York University,</subfield><subfield code="d">2015.</subfield><subfield code="5">NNU</subfield></datafield><datafield ind1="1" ind2=" " tag="700"><subfield code="a">al-Azhar&#299;, A&#7717;mad &#699;Abb&#257;s,</subfield><subfield code="d">1853-1927</subfield></datafield><datafield ind1="2" ind2=" " tag="710"><subfield code="a">New York University.</subfield><subfield code="b">Libraries.</subfield></datafield><datafield ind1="0" ind2=" " tag="730"><subfield code="a">Arabic Collections Online.</subfield></datafield><datafield ind1="0" ind2="8" tag="776"><subfield code="i">Print version:</subfield><subfield code="a">Arraj&#257;n&#299;, A&#7717;mad ibn Mu&#7717;ammad, 1067 or 8-1149 or 50.</subfield><subfield code="t">D&#299;w&#257;n / N&#257;&#7779;i&#7717; al-D&#299;n Ab&#299; Bikr A&#7717;mad ibn al-&#7716;usayn al-Arraj&#257;n&#299;; sa&#7717;&#7717;a&#7717;uhu wa-fassara al-Ghar&#299;b min alf&#257;&#7827;uhu A&#7717;mad ibn &#699;Abb&#257;s al-Azhar&#299;</subfield><subfield code="w">(NNU)001680152</subfield></datafield><datafield ind1="4" ind2="0" tag="856"><subfield code="u">http://hdl.handle.net/2333.1/905qfx77</subfield></datafield><datafield ind1=" " ind2=" " tag="959"><subfield code="a">NNU</subfield><subfield code="b">WEB</subfield><subfield code="c">GENI</subfield><subfield code="t">0</subfield><subfield code="m">Electronic access</subfield><subfield code="s">01</subfield></datafield><datafield ind1=" " ind2=" " tag="999"><subfield code="i">NNU_001680152</subfield><subfield code="s">nyu_aco000503</subfield><subfield code="e">(ERROR-880)</subfield></datafield></record>